 @article{2022UN, title={World Population Prospects 2022}, author={United-Nations}, url={https://population.un.org/wpp/}} 
 @article{gokhale_rao_garole_2022, title={Infant Mortality in India: Use of maternal and child health services in relation to literacy status.}, journal={Journal of health, population, and nutrition}, author={Gokhale, M and Rao, S and Garole, V}, year={2022}, month={Jun}} 
 @article{greenstone_hanna_2011, title={Environmental regulations, air and water pollution, and infant mortality in India}, DOI={10.3386/w17210}, author={Greenstone, Michael and Hanna, Rema}, year={2011}} 
 @article{kapoor_2009, title={Infant Mortality in India: District-level variations and correlations}, journal={Research Gate}, author={Kapoor, S}, year={2009}, month={Jan}} 